@inproceedings{jakubovic2018image,
  title={Image feature matching and object detection using brute-force matchers},
  author={Jakubovi{\'c}, Amila and Velagi{\'c}, Jasmin},
  booktitle={2018 International Symposium ELMAR},
  pages={83--86},
  year={2018},
  organization={IEEE}
}
@article{schenk2005introduction,
  title={Introduction to photogrammetry},
  author={Schenk, Toni},
  journal={The Ohio State University, Columbus},
  volume={106},
  year={2005}
}
@article{bloomenthal1994homogeneous,
  title={Homogeneous coordinates},
  author={Bloomenthal, Jules and Rokne, Jon},
  journal={The Visual Computer},
  volume={11},
  number={1},
  pages={15--26},
  year={1994},
  publisher={Springer}
}
@article{jayanthi2016comparison,
  title={Comparison of image matching techniques},
  author={Jayanthi, N and Indu, S},
  journal={International journal of latest trends in engineering and technology},
  volume={7},
  number={3},
  pages={396--401},
  year={2016}
}
@article{remondino2006digital,
  title={Digital camera calibration methods: considerations and comparisons},
  author={Remondino, Fabio and Fraser, Clive},
  journal={International Archives of the Photogrammetry, Remote Sensing and Spatial Information Sciences},
  volume={36},
  number={5},
  pages={266--272},
  year={2006},
  publisher={ISPRS}
}
@article{lowe2004distinctive,
  title={Distinctive image features from scale-invariant keypoints},
  author={Lowe, David G},
  journal={International journal of computer vision},
  volume={60},
  number={2},
  pages={91--110},
  year={2004},
  publisher={Springer}
}
@article{bay2008speeded,
  title={Speeded-up robust features (SURF)},
  author={Bay, Herbert and Ess, Andreas and Tuytelaars, Tinne and Van Gool, Luc},
  journal={Computer vision and image understanding},
  volume={110},
  number={3},
  pages={346--359},
  year={2008},
  publisher={Elsevier}
}
@inproceedings{calonder2010brief,
  title={Brief: Binary robust independent elementary features},
  author={Calonder, Michael and Lepetit, Vincent and Strecha, Christoph and Fua, Pascal},
  booktitle={European conference on computer vision},
  pages={778--792},
  year={2010},
  organization={Springer}
}
@inproceedings{rublee2011orb,
  title={ORB: An efficient alternative to SIFT or SURF},
  author={Rublee, Ethan and Rabaud, Vincent and Konolige, Kurt and Bradski, Gary},
  booktitle={2011 International conference on computer vision},
  pages={2564--2571},
  year={2011},
  organization={Ieee}
}

@inproceedings{morgan2009using,
  title={Using binary space partitioning to generate urban spatial patterns},
  author={Morgan, Fraser and O’Sullivan, David},
  booktitle={4th International Conference on Computers in Urban Planning and Urban Management},
  pages={1--16},
  year={2009}
}

@article{papadimitriou1996epipolar,
  title={Epipolar line estimation and rectification for stereo image pairs},
  author={Papadimitriou, Demetrios V and Dennis, Tim J},
  journal={IEEE transactions on image processing},
  volume={5},
  number={4},
  pages={672--676},
  year={1996},
  publisher={IEEE}
}

@article{leberl2010point,
  title={Point clouds},
  author={Leberl, Franz and Irschara, Arnold and Pock, Thomas and Meixner, Philipp and Gruber, Michael and Scholz, Set and Wiechert, Alexander},
  journal={Photogrammetric Engineering \& Remote Sensing},
  volume={76},
  number={10},
  pages={1123--1134},
  year={2010},
  publisher={American Society for Photogrammetry and Remote Sensing}
}
@article{benhabiles2010comparative,
  title={A comparative study of existing metrics for 3D-mesh segmentation evaluation},
  author={Benhabiles, Halim and Vandeborre, Jean-Philippe and Lavou{\'e}, Guillaume and Daoudi, Mohamed},
  journal={The Visual Computer},
  volume={26},
  number={12},
  pages={1451--1466},
  year={2010},
  publisher={Springer}
}
@article{lavoue2005new,
  title={A new CAD mesh segmentation method, based on curvature tensor analysis},
  author={Lavou{\'e}, Guillaume and Dupont, Florent and Baskurt, Atilla},
  journal={Computer-Aided Design},
  volume={37},
  number={10},
  pages={975--987},
  year={2005},
  publisher={Elsevier}
}
@inproceedings{feng2008comparison,
  title={The comparison of camera calibration methods based on structured-light measurement},
  author={Feng, Xiuxia and Cao, Maoyong and Wang, Haixia and Collier, Michael},
  booktitle={2008 Congress on Image and Signal Processing},
  volume={2},
  pages={155--160},
  year={2008},
  organization={IEEE}
}
@inproceedings{li2014practical,
  title={A practical comparison between Zhang's and Tsai's calibration approaches},
  author={Li, Wei and Gee, Trevor and Friedrich, Heide and Delmas, Patrice},
  booktitle={Proceedings of the 29th International Conference on Image and Vision Computing New Zealand},
  pages={166--171},
  year={2014}
}
@article{muja2009flann,
  title={Flann-fast library for approximate nearest neighbors user manual},
  author={Muja, Marius and Lowe, David},
  journal={Computer Science Department, University of British Columbia, Vancouver, BC, Canada},
  volume={5},
  year={2009}
}
@article{slonecker1998emerging,
  title={Emerging legal and ethical issues in advanced remote sensing technology},
  author={Slonecker, E Terrence and Shaw, Denice M and Lillesand, Thomas M},
  journal={Photogrammetric engineering and remote sensing},
  volume={64},
  number={6},
  pages={589--595},
  year={1998},
  publisher={[Falls Church, Va.] American Society of Photogrammetry.}
}
@book{ryan2017computer,
  title={Computer and internet use in the United States: 2016},
  author={Ryan, Camille L and Lewis, Jamie M},
  year={2017},
  publisher={US Department of Commerce, Economics and Statistics Administration, US~…}
}
@article{wu2013comparative,
  title={A Comparative Study of SIFT and its Variants.},
  author={Wu, Jian and Cui, Zhiming and Sheng, Victor S and Zhao, Pengpeng and Su, Dongliang and Gong, Shengrong},
  journal={Measurement science review},
  volume={13},
  number={3},
  year={2013}
}
@article{zhang1998determining,
  title={Determining the epipolar geometry and its uncertainty: A review},
  author={Zhang, Zhengyou},
  journal={International journal of computer vision},
  volume={27},
  number={2},
  pages={161--195},
  year={1998},
  publisher={Springer}
}

@article{karami2017image,
  title={Image matching using SIFT, SURF, BRIEF and ORB: performance comparison for distorted images},
  author={Karami, Ebrahim and Prasad, Siva and Shehata, Mohamed},
  journal={arXiv preprint arXiv:1710.02726},
  year={2017}
}
